../compiled-bibentries/d3ma.bib