@inproceedings{Mao2012,
 author = {Mao, Ming and Humphrey, Marty},
 title = {A Performance Study on the VM Startup Time in the Cloud},
 booktitle = {Proceedings of the 2012 IEEE Fifth International Conference on Cloud Computing},
 series = {CLOUD '12},
 year = {2012},
 isbn = {978-0-7695-4755-8},
 pages = {423--430},
 numpages = {8},
 url = {http://dx.doi.org/10.1109/CLOUD.2012.103},
 doi = {10.1109/CLOUD.2012.103},
 acmid = {2353859},
 publisher = {IEEE Computer Society},
 address = {Washington, DC, USA},
 keywords = {cloud computing, VM startup/acquisition/spinup time, performance study, spot instances},
}

@inproceedings{gong2010,
  title={Press: Predictive elastic resource scaling for cloud systems},
  author={Gong, Zhenhuan and Gu, Xiaohui and Wilkes, John},
  booktitle={Network and Service Management (CNSM), 2010 International Conference on},
  pages={9--16},
  year={2010},
  organization={IEEE}
}

@article{Aad2008,
 author = {Aad, G. and others},
 title = {The ATLAS Experiment at the CERN Large Hadron Collider},
 collaboration = {ATLAS},
 journal = {JINST},
 volume = {3},
 pages = {S08003},
 doi = {10.1088/1748-0221/3/08/S08003},
 year = {2008},
}

@inproceedings{santcroos2012,
  title={Pilot abstractions for compute, data, and network},
  author={Santcroos, Mark and Olabarriaga, Silvia Delgado and Katz, Daniel S and Jha, Shantenu},
  booktitle={2012 IEEE 8th International Conference on E-Science},
  pages={1--2},
  year={2012},
  organization={IEEE}
}

@inproceedings{czajkowski1998,
  title={A resource management architecture for metacomputing systems},
  author={Czajkowski, Karl and Foster, Ian and Karonis, Nick and Kesselman, Carl and Martin, Stuart and Smith, Warren and Tuecke, Steven},
  booktitle={Job Scheduling Strategies for Parallel Processing},
  pages={62--82},
  year={1998},
  organization={Springer}
}

@inproceedings{katz1966,
  title={Simulation of a multiprocessor computer system},
  author={Katz, Jesse H},
  booktitle={Proceedings of the April 26-28, 1966, Spring joint computer conference},
  pages={127--139},
  year={1966},
  organization={ACM}
}

@book{silberschatz1998,
  title={Operating system concepts},
  author={Silberschatz, Abraham and Galvin, Peter B and Gagne, Greg and Silberschatz, A},
  volume={4},
  year={1998},
  publisher={Addison-Wesley Reading}
}

@inproceedings{downey1997,
  title={Predicting queue times on space-sharing parallel computers},
  author={Downey, Allen B},
  booktitle={Proceedings 11th International Parallel Processing Symposium},
  pages={209--218},
  year={1997},
  XXorganization={IEEE}
}

@article{wolski2003,
  title={Experiences with predicting resource performance on-line in computational grid settings},
  author={Wolski, Rich},
  journal={ACM SIGMETRICS Performance Evaluation Review},
  volume={30},
  number={4},
  pages={41--49},
  year={2003},
  publisher={ACM}
}

@inproceedings{li2004,
  title={Predicting job start times on clusters},
  author={Li, Hui and Groep, David and Templon, Jeffrey and Wolters, Lex},
  booktitle={IEEE International Symposium on Cluster Computing and the Grid, CCGrid 2004},
  pages={301--308},
  year={2004},
  XXorganization={IEEE}
}

@article{tsafrir2007,
  title={Backfilling using system-generated predictions rather than user runtime estimates},
  author={Tsafrir, Dan and Etsion, Yoav and Feitelson, Dror G},
  journal={IEEE Transactions on Parallel and Distributed Systems},
  volume={18},
  number={6},
  pages={789--803},
  year={2007},
  XXpublisher={IEEE}
}

@inproceedings{Lu2013,
 author = {Lu, Charng-Da and Browne, James and DeLeon, Robert L. and Hammond, John and Barth, William and Furlani, Thomas R. and Gallo, Steven M. and Jones, Matthew D. and Patra, Abani K.},
 title = {Comprehensive Job Level Resource Usage Measurement and Analysis for XSEDE HPC Systems},
 booktitle = {Proceedings of the Conference on Extreme Science and Engineering Discovery Environment: Gateway to Discovery},
 series = {XSEDE '13},
 year = {2013},
 isbn = {978-1-4503-2170-9},
 location = {San Diego, California, USA},
 pages = {50:1--50:8},
 articleno = {50},
 numpages = {8},
 url = {http://doi.acm.org/10.1145/2484762.2484781},
 doi = {10.1145/2484762.2484781},
 acmid = {2484781},
 publisher = {ACM},
 address = {New York, NY, USA},
 keywords = {TACC_Stats, XDMoD, XSEDE, performance analysis, system management, usage analysis},
}

@inproceedings{Furlani2013,
 author = {Furlani, Thomas R. and Schneider, Barry L. and Jones, Matthew D. and Towns, John and Hart, David L. and Gallo, Steven M. and DeLeon, Robert L. and Lu, Charng-Da and Ghadersohi, Amin and Gentner, Ryan J. and Patra, Abani K. and von Laszewski, Gregor and Wang, Fugang and Palmer, Jeffrey T. and Simakov, Nikolay},
 title = {Using XDMoD to Facilitate XSEDE Operations, Planning and Analysis},
 booktitle = {Proceedings of the Conference on Extreme Science and Engineering Discovery Environment: Gateway to Discovery},
 series = {XSEDE '13},
 year = {2013},
 isbn = {978-1-4503-2170-9},
 location = {San Diego, California, USA},
 pages = {46:1--46:8},
 articleno = {46},
 numpages = {8},
 url = {http://doi.acm.org/10.1145/2484762.2484763},
 doi = {10.1145/2484762.2484763},
 acmid = {2484763},
 publisher = {ACM},
 address = {New York, NY, USA},
 keywords = {CI performance metrics, HPC metrics, XDMoD, XSEDE, application kernels, technology audit service},
}

@article{goodale2006,
  title={SAGA: A Simple API for Grid Applications. High-level application programming on the Grid},
  author={Goodale, Tom and Jha, Shantenu and Kaiser, Hartmut and Kielmann, Thilo and Kleijer, Pascal and Von Laszewski, Gregor and Lee, Craig and Merzky, Andre and Rajic, Hrabri and Shalf, John},
  journal={Computational Methods in Science and Technology},
  volume={12},
  number={1},
  pages={7--20},
  year={2006}
}

@inproceedings{luckow2010,
  title={Saga bigjob: An extensible and interoperable pilot-job abstraction for distributed applications and systems},
  author={Luckow, Andr{\'e} and Lacinski, Lukasz and Jha, Shantenu},
  booktitle={Cluster, Cloud and Grid Computing (CCGrid), 2010 10th IEEE/ACM International Conference on},
  pages={135--144},
  year={2010},
  organization={IEEE}
}

@article{felter2014,
  title={An updated performance comparison of virtual machines and linux containers},
  author={Felter, Wes and Ferreira, Alexandre and Rajamony, Ram and Rubio, Juan},
  journal={technology},
  volume={28},
  pages={32},
  year={2014}
}

@article{bernstein2014,
  title={Containers and cloud: From lxc to docker to kubernetes},
  author={Bernstein, David},
  journal={IEEE Cloud Computing},
  number={3},
  pages={81--84},
  year={2014},
  publisher={IEEE}
}

@inproceedings{pordes2007,
  title={The open science grid},
  author={Pordes, Ruth and Petravick, Don and Kramer, Bill and Olson, Doug and Livny, Miron and Roy, Alain and Avery, Paul and Blackburn, Kent and Wenaus, Torre and W{\"u}rthwein, Frank and others},
  booktitle={Journal of Physics: Conference Series},
  volume={78},
  number={1},
  pages={012057},
  year={2007},
  organization={IOP Publishing}
}

@inproceedings{sfiligoi2009,
  title={The pilot way to grid resources using glideinwms},
  author={Sfiligoi, Igor and Bradley, Daniel C and Holzman, Burt and Mhashilkar, Parag and Padhi, Sanjay and W{\"u}rthwein, Frank},
  booktitle={Computer Science and Information Engineering, 2009 WRI World Congress on},
  volume={2},
  pages={428--432},
  year={2009},
  organization={IEEE}
}

@article{juve2010,
  title={Experiences with resource provisioning for scientific workflows using Corral},
  author={Juve, Gideon and Deelman, Ewa and Vahi, Karan and Mehta, Gaurang},
  journal={Scientific Programming},
  volume={18},
  number={2},
  pages={77--92},
  year={2010},
  publisher={Hindawi Publishing Corporation}
}

@article{foster2001,
  title={The anatomy of the grid: Enabling scalable virtual organizations},
  author={Foster, Ian and Kesselman, Carl and Tuecke, Steven},
  journal={International journal of high performance computing applications},
  volume={15},
  number={3},
  pages={200--222},
  year={2001},
  publisher={Sage Publications}
}

@inproceedings{horwitz2002,
  title={Toward hierarchical identity-based encryption},
  author={Horwitz, Jeremy and Lynn, Ben},
  booktitle={Advances in Cryptologyâ€”EUROCRYPT 2002},
  pages={466--481},
  year={2002},
  organization={Springer}
}

@article{bernstein1996,
  title={Middleware: a model for distributed system services},
  author={Bernstein, Philip A},
  journal={Communications of the ACM},
  volume={39},
  number={2},
  pages={86--98},
  year={1996},
  publisher={ACM}
}

@misc{lhcb, note = {The LHCb Collaboration: \url{http://lhcb.web.cern.ch/lhcb/}}