../compiled-bibentries/saga-related.bib