../compiled-bibentries/saga-for-radical.bib