../compiled-bibentries/stci_2012.bib