@misc{url_osg,
  author    = {{Open Science Grid Consortium}},
  title     = {{Open Science Grid Home}},
  note      = {\url{http://www.opensciencegrid.org/}},
}



@misc{url_xsede_prace,
  author    = {{XSEDE -- Xtreme Science and Engineering Discovery
              Environment}},
  title     = {{XSEDE-PRACE Joint Expression of Interest}},
  note      = {\newline\url{https://www.xsede.org/xsede-and-prace-eoi}},
}


@misc{url_radical,
  author    = {{Rutgers University}},
  title     = {{Research in Applied Distributed Cyberinfrastructure and Applications Laboratory}},
  note      = {\newline\url{https://radical.rutgers.edu}},
}



@misc{url_xsede,
  author    = {{XSEDE -- Xtreme Science and Engineering Discovery
              Environment}},
  title     = {{XSEDE Home}},
  note      = {\newline\url{https://www.xsede.org/}},
}

@misc{url_xsede_data,
  author    = {{XSEDE -- Xtreme Science and Engineering Discovery
              Environment}},
  title     = {{Data Transfers \& Management}},
  year      = 2012,
  month     = {March},
  note      = {\newline\url{https://www.xsede.org/data-transfers/}},
}


@misc{url_xsede_level,
  author    = {{XSEDE -- Xtreme Science and Engineering Discovery
              Environment}},
  title     = {{XSEDE Architecture Document}},
  year      = 2012,
  month     = {May},
  note      = {\newline\url{https://www.xsede.org/documents/10157/281380/XSEDE+Architecture+2012-03-03+Level-1-and-2+ver+1.pdf}},
}



@misc{url_xsede_what,
  author    = {{XSEDE -- Xtreme Science and Engineering Discovery
              Environment}},
  title     = {{What we Do}},
  year      = 2012,
  month     = {March},
  note      = {\newline\url{https://www.xsede.org/web/guest/what-we-do}},
}

@misc{url_xsede_overview,
  author    = {{XSEDE -- Xtreme Science and Engineering Discovery
              Environment}},
  title     = {{Overview}},
  year      = 2012,
  month     = {March},
  note      = {\newline\url{https://www.xsede.org/web/guest/overview}},
}

@misc{url_globusonline_performance,
  author    = {{GlobusOnline / Pittsburgh Supercomputing Center}},
  title     = {{GridFTP Metrics}},
  year      = 2012,
  note      = {\newline\url{http://quipu.psc.teragrid.org/speedpage/www/}},
}

@misc{url_xsede_storage,
  author    = {{XSEDE -- Xtreme Science and Engineering Discovery
              Environment}},
  title     = {{Storage}},
  year      = 2012,
  month     = {January},
  note      = {\newline\url{https://www.xsede.org/web/guest/storage}},
}

@misc{url_xsede_lustrewan,
  author    = {{XSEDE / Pittsburgh Supercomputing Center}},
  title     = {{Lustre-WAN Metrics}},
  year      = 2012,
  month     = {January},
  note      = {\newline\url{http://quipu.psc.teragrid.org/wanpage/www/}},
}

@misc{url_xsede_gffs,
  author    = {{XSEDE -- Xtreme Science and Engineering Discovery
              Environment}},
  title     = {{Campus Bridging: Implementing GFFS at IU}},
  year      = 2012,
  month     = {February},
  note      = {\newline\url{https://xup1.tacc.utexas.edu:8443/web/xup/knowledge-base/-/kb/document/bblz}},
}

@misc{url_esi_dpa2007,
  author    = {{e-Science Institute}},
  title     = {{eSI Public Lecture: "Distributed Programming Abstractions - Introduction, Motivation and Aims" by Shantenu Jha}},
  year      = 2007,
  month     = {May},
  note      = {\newline\url{http://www.nesc.ac.uk/esi/events/789/}},
}

@misc{url_esi_dpa2010,
  author    = {{e-Science Institute}},
  title     = {{eSI Public Lecture: "Distributed Programming Abstractions Theme Closing Lecture" by Dr. Shantenu Jha}},
  year      = 2010,
  month     = {November},
  note      = {\newline\url{http://www.nesc.ac.uk/esi/events/1098/}},
}

@misc{url_bj_tutorial,
  author    = {{XSEDE -- Xtreme Science and Engineering Discovery
              Environment}},
  title     = {{Tutorials: Introduction to BigJob - A SAGA-Based Interoperable, Extensible and Scalable Pilot-Job for XSEDE}},
  year      = 2012,
  month     = {July},
  note      = {\newline\url{https://www.xsede.org/web/xsede12/tutorials#09}},
}

@misc{url_bj_tutorial_sched,
  author    = {{XSEDE -- Xtreme Science and Engineering Discovery
              Environment}},
  title     = {{TUTORIAL: Introduction to BigJob}},
  year      = 2012,
  month     = {July},
  note      = {\newline\url{http://xsede12.sched.org/event/6046d48748cb04a4afcb9b8068799cd1#}},
}

@misc{url_git_bj_tutorial,
  author    = {{The RADICAL Group}},
  title     = {{XSEDE 2012 Tutorial}},
  year      = 2012,
  month     = {July},
  note      = {\newline\url{https://github.com/saga-project/BigJob/wiki/XSEDE-2012-Tutorial}},
}

@misc{url_rutgers_aresty,
  author    = {{Rutgers University}},
  title     = {{Aresty Research Center}},
  year      = 2012,
  month     = {},
  note      = {\newline\url{http://aresty.rutgers.edu/}},
}

@misc{url_rutgers_douglass,
  author    = {{Rutgers University}},
  title     = {{Douglass Residential College}},
  year      = 2011,
  month     = {},
  note      = {\newline\url{http://douglass.rutgers.edu/}},
}


@misc{url_douglass_wis,
  author    = {{Rutgers University}},
  title     = {{The Douglass Project for Rutgers Women in Math, Science, and Engineering}},
  year      = 2011,
  month     = {},
  note      = {\newline\url{http://douglass.rutgers.edu/content/women-in-science}},
}

@misc{url_rutgers_pre,
  author    = {{Rutgers University}},
  title     = {{Pre-College Programs}},
  year      = 2012,
  month     = {},
  note      = {\newline\url{http://undergraduate.rutgers.edu/for-parents/pre-college-programs}},
}

@misc{url_rutgers_byrne,
  author    = {{Rutgers University}},
  title     = {{Byrne Seminar Series}},
  note      = {\newline\url{http://byrne.rutgers.edu/faculty-resources/call-for-proposals}},
}

@misc{url_lsc,
  author    = {{Liberty Science Center}},
  title     = {{Liberty Science Center Home}},
  note      = {\newline\url{http://lsc.org}},
}

@misc{url_rutgers_cmsce,
  author    = {{Rutgers University}},
  title     = {{The Center for Mathematics, Science and Computer Education}},
  note      = {\newline\url{http://cmsce.rutgers.edu/main.php}},
}

@misc{url_rutgers_cmsce_about,
  author    = {{Rutgers University}},
  title     = {{CMSCE About Us}},
  note      = {\newline\url{http://cmsce.rutgers.edu/about/about_us.php}},
}

@misc{url_rutgers_target,
  author    = {{Rutgers University}},
  title     = {{TARGET}},
  year      = {2011},
  note      = {\newline\url{http://www.soe.rutgers.edu/target}},
}


@misc{url_rutgers_ctaar,
  author    = {{Rutgers University}},
  title     = {{Center for Teaching Advancement and Assessment
                  Research (CTAAR)}},
  year      = {2011},
  note      = {\newline\url{http://ctaar.rutgers.edu/}},
}


@misc{url_xsede_arch,
  author    = {{F. Bachmann and I. Foster and A. Grimshaw and D. Lifka and M. Riedel and S. Tuecke}},
  title     = {{XSEDE Architecture Level 1 and 2 Decomposition}},
  month     = {February},
  year      = {2012},
  note      = {\newline\url{https://www.xsede.org/documents/10157/281380/XSEDE+Architecture+2012-03-03+Level-1-and-2+ver+1.pdf}},
}

@misc{url_bigdata,
  author    = {{National Science Foundation}},
  title     = {{NSF Leads Federal Efforts In Big Data}},
  month     = {March},
  year      = {2012},
  note      = {\newline\url{http://www.nsf.gov/news/news_summ.jsp?cntn_id=123607}},
}

@misc{url_cybertools,
  author    = {{NSF EPSCOR Cybertools}},
  title     = {{Cybertools Home}},
  note      = {\newline\url{https://cybertools.loni.org/}},
}

@misc{xsede_report_2012,
  title     = {{NSF XSEDE Annual Report (2012)}},
  note      = {{\small \url{https://www.xsede.org/documents/10157/169907/2012+Q2+Annual+Report.pdf}}},
}

@misc{xsede30,
  title     = {{NSF XSEDE Annual Report (2012)}},
  note      = {Page 382, Figure 32 \newline {\small
                  \url{https://www.xsede.org/documents/10157/169907/2012+Q2+Annual+Report.pdf}}},
  }

@misc{xroads_user_req_url,
  title     = {{XROADS User Requirements}},
  note      = {{\small
                  \url{http://www.ci.uchicago.edu/research/papers/CI-TR-10-0811}}},
}

@misc{xroads_survey_ci_needs_url,
  title     = {{Survey of cyberinfrastructure needs and interests of NSF-funded principal investigators}},
  note      = {{\small
                  \url{https://scholarworks.iu.edu/dspace/handle/2022/9917}}},
}


